@Misc{tex1,
howpublished="https://www.lucidchart.com/"

}



@Misc{tex3,
howpublished="https://docs.djangoproject.com/en/3.0/"

}


@Misc{tex4,
howpublished="https://www.youtube.com/watch?v=D6esTdOLXh4"

}

@Misc{tex5,
howpublished="https://www.latex-project.org/help/documentation/"

}

@Misc{tex6,
howpublished="https://www.github.com/"

}
